<record><leader>00000cas a22000007a 4500</leader><controlfield tag="001">14075859</controlfield><controlfield tag="008">860811d18891948iauwr ne      0    0eng d</controlfield><datafield ind1=" " ind2=" " tag="010"><subfield code="a">sn 86060154 </subfield></datafield><datafield ind1=" " ind2=" " tag="040"><subfield code="a">INP</subfield><subfield code="b">eng</subfield><subfield code="c">INP</subfield><subfield code="d">OCLCQ</subfield></datafield><datafield ind1=" " ind2=" " tag="042"><subfield code="a">msc</subfield></datafield><datafield ind1="0" ind2="0" tag="245"><subfield code="a">Tingley vindicator.</subfield></datafield><datafield ind1="1" ind2="3" tag="246"><subfield code="a">Vindicator</subfield><subfield code="f">&lt;Jan. 1, 1903&gt;-May 28, 1942</subfield></datafield><datafield ind1=" " ind2=" " tag="260"><subfield code="a">Tingley, Iowa :</subfield><subfield code="b">[s.n.]</subfield></datafield><datafield ind1=" " ind2=" " tag="300"><subfield code="a">v. :</subfield><subfield code="b">ill.</subfield></datafield><datafield ind1=" " ind2=" " tag="310"><subfield code="a">Weekly</subfield></datafield><datafield ind1="1" ind2=" " tag="362"><subfield code="a">Began in 1889.</subfield><subfield code="z">Cf. Bibl. of Iowa newspapers.</subfield></datafield><datafield ind1="1" ind2=" " tag="362"><subfield code="a">Ceased Sept. 30, 1948.</subfield><subfield code="z">Cf. Diagonal reporter, Oct. 14, 1948.</subfield></datafield><datafield ind1=" " ind2=" " tag="500"><subfield code="a">Publisher varies.</subfield></datafield><datafield ind1=" " ind2=" " tag="500"><subfield code="a">Each issue includes sections called: Ellston department, Apr. 24, 1919-Apr. 20, 1939; and Ellston vindicator, Apr. 27-&lt;May 11, 1939&gt;.</subfield></datafield><datafield ind1=" " ind2=" " tag="515"><subfield code="a">Occasional issues misnumbered and misdated.</subfield></datafield><datafield ind1=" " ind2=" " tag="525"><subfield code="a">Includes frequent supplements.</subfield></datafield><datafield ind1=" " ind2=" " tag="588"><subfield code="a">Description based on: Vol. 14, no. 50 (Jan. 1, 1903).</subfield></datafield><datafield ind1=" " ind2=" " tag="752"><subfield code="a">United States</subfield><subfield code="b">Iowa</subfield><subfield code="c">Ringgold</subfield><subfield code="d">Tingley.</subfield></datafield><datafield ind1=" " ind2=" " tag="752"><subfield code="a">United States</subfield><subfield code="b">Iowa</subfield><subfield code="c">Ringgold</subfield><subfield code="d">Ellston.</subfield></datafield><datafield ind1="0" ind2="4" tag="785"><subfield code="t">Diagonal reporter</subfield><subfield code="w">(DLC)sn 86060152</subfield><subfield code="g">Sept. 30, 1948</subfield></datafield><datafield ind1="1" ind2=" " tag="787"><subfield code="t">Ellston department</subfield></datafield><datafield ind1="1" ind2=" " tag="787"><subfield code="t">Ellston vindicator</subfield></datafield></record>